@ARTICLE{1984JFM...146...65M,
       author = {{Marcus}, P.~S.},
        title = "{Simulation of Taylor-Couette flow. Part 2. Numerical results for wavy-vortex flow with one travelling wave}",
      journal = {Journal of Fluid Mechanics},
         year = 1984,
        month = jan,
       volume = {146},
        pages = {65-113},
          doi = {10.1017/S0022112084001774},
       adsurl = {https://ui.adsabs.harvard.edu/abs/1984JFM...146...65M},
      adsnote = {Provided by the SAO/NASA Astrophysics Data System}
}

@ARTICLE{1984JFM...146...45M,
       author = {{Marcus}, P.~S.},
        title = "{Simulation of Taylor-Couette flow. Part 1. Numerical methods and comparison with experiment}",
      journal = {Journal of Fluid Mechanics},
         year = 1984,
        month = jan,
       volume = {146},
        pages = {45-64},
          doi = {10.1017/S0022112084001762},
       adsurl = {https://ui.adsabs.harvard.edu/abs/1984JFM...146...45M},
      adsnote = {Provided by the SAO/NASA Astrophysics Data System}
}

